@article{server,
    title = "http://skyserver.sdds.org",
    author = "SDDS SkyServer",
    year = 2011
}

@article{beck,
    title = "Photometric redshifts for the SDSS Data Release 12",
    author = "Róbert Beck",
    year = 2016
}

@article{csabai,
    title = "Reconstructing Galaxy Spectral Energy Distributions from Broadband Photometry",
    author = "István Csabai",
    year = 2000
}

@article{pandas,
    title = "https://pandas.pydata.org/",
    author = "Pandas",
    year = 2018
}

@article{sklearn,
    title = "http://scikit-learn.org/stable/",
    author = "scikit-learn",
    year = 2018
}

@article{voservices,
    title = "http://voservices.net/filter/",
    author = "Filter Profile Service for the Virtual Observatory",
    year = 2003
}

@article{lephare,
    title = "Le PHARE Photometric Analysis for Redshift Estimate",
    author = "Arnouts S., Ilbert O.",
    year = 1999
}

@article{qbeer,
    title = "https://github.com/qbeer/photoZ",
    author = "Alex Olar",
    year = 2018
}

@article{myblog,
    title = "https://qbeer.github.io/projects",
    author = "Alex Olar",
    year = 2018
}